%%%%%%%%%%%%%%%%%%%%%%%%%%%%%%%%%%%%%%%%%%%%%%%%%%%%%%%%%%%%%%%%%%%%%%%%%%%%%%%%%%%%%%%%%%%%%%%%%%%%%%%%%%%%%%%%%%%%%%
%%%%%%%%%%%%%%%%%%%%%%%%%%%%%%%% Literaturverzeichnis %%%%%%%%%%%%%%%%%%%%%%%%%%%%%%%%%%%%%%%%%%%%%%%%%%%%%%%%%%%%%%%%

@misc{dornseif.2012a,
author = {Dornseif, Maximilian},
title = {Ermittlung von Verwundbarkeiten mit elektronischen Koedern},
publisher = {RWTH Aachen},
year = {2012},
howpublished = {\url{http://www.ei.rub.de/media/emma/veroeffentlichungen/2012/08/24/Koeder-DIMVA04.pdf}}
}
@misc{project.2003b,
author = {The Honeynet Project},
title = {Know Your Enemy: Sebek},
year = {2003},
howpublished = {\url{http://old.honeynet.org/papers/sebek.pdf}}
}
@Book{spitzner.2002a,
 author = {Spitzner, Lance},
 title = {Honyepots - Tracking Hackers},
 publisher = {Addison-Wesley},
 year = {2002},
 isbn = {0-321-10895-7}
 }